@book{goodfellow2016deep,
  title = {Deep Learning},
  author = {Goodfellow, Ian},
  year = {2016},
  publisher = {MIT Press}
}

@book{hastie2009elements,
  title = {The Elements of Statistical Learning},
  author = {Hastie, Trevor and Tibshirani, Robert and Friedman, Jerome},
  year = {2009},
  publisher = {Springer}
}

@book{deisenroth2020mathematics,
  title = {Mathematics for Machine Learning},
  author = {Deisenroth, Marc Peter and Faisal, A. Aldo and Ong, Cheng Soon},
  year = {2020},
  publisher = {Cambridge University Press}
}

@book{dougherty1997sed,
  title = {Sed \& Awk},
  author = {Doug},
  year = {1997},
  publisher = {O'Reilly Media}
}

@book{tanenbaum2008modern,
  title = {Modern Operating Systems},
  author = {Tanenbaum, Andrew S.},
  year = {2008},
  publisher = {Pearson}
}

@book{kurose2020networking,
  title = {Computer Networking: A Top-Down Approach},
  author = {Kurose, James F. and Ross, Keith W.},
  year = {2020},
  publisher = {Pearson}
}

@book{silverschatz2019database,
  title = {Database System Concepts},
  author = {Silberschatz, Abraham and Korth, Henry F. and Sudarshan, S.},
  year = {2019},
  publisher = {McGraw-Hill Education}
}

@book{cormen2009algorithms,
  title = {Introduction to Algorithms},
  author = {Cormen, Thomas H. and Leiserson, Charles E. and Rivest, Ronald L. and Stein, Clifford},
  year = {2009},
  publisher = {MIT Press}
}

@book{fowler2018refactoring,
  title = {Refactoring: Improving the Design of Existing Code},
  author = {Fowler, Martin},
  year = {2018},
  publisher = {Addison-Wesley}
}

@book{schiltd2019java,
  title = {Java: The Complete Reference},
  author = {Schiltd, Herbert},
  year = {2019},
  publisher = {McGraw-Hill Education}
}

@book{sedgewick2001algorithms,
  title = {Algorithms in C, Parts 1-4: Fundamentals, Data Structures, Sorting, Searching},
  author = {Sedgewick, Robert},
  year = {2001},
  publisher = {Addison-Wesley}
}

@book{sedgewick2001graph,
  title = {Algorithms in C, Part 5: Graph Algorithms},
  author = {Sedgewick, Robert},
  year = {2001},
  publisher = {Addison-Wesley}
}

@book{kernighan1988c,
  title = {The C Programming Language},
  author = {Kernighan, Brian W. and Ritchie, Dennis M.},
  year = {1988},
  publisher = {Prentice Hall}
}

@book{jaynes2003probability,
  title = {Probability Theory: The Logic of Science},
  author = {Jaynes, Edwin T.},
  year = {2003},
  publisher = {Cambridge University Press}
}

@book{venit2005linear,
  title = {Elementary Linear Algebra},
  author = {Venit, Stewart},
  year = {2005},
  publisher = {Thomson Brooks/Cole}
}

@book{hill2001linear,
  title = {Elementary Linear Algebra},
  author = {Hill, David},
  year = {2001},
  publisher = {Cengage Learning}
}

@book{landesman2001linear,
  title = {Linear Algebra},
  author = {Landesman, Edward},
  year = {2001},
  publisher = {Springer}
}

@book{anton2010linear,
  title = {Elementary Linear Algebra, with Applications},
  author = {Anton, Howard},
  year = {2010},
  publisher = {Wiley}
}

@book{hoovers2015calculus,
  title = {Linear Algebra for Calculus},
  author = {Hoovers, Robert},
  year = {2015},
  publisher = {Pearson}
}

@book{sallas2016calculus,
  title = {Calculus 1 and Several Variables},
  author = {Sallas, Steven},
  year = {2016},
  publisher = {Cengage Learning}
}

@book{adams2013single,
  title = {Single Variable Calculus},
  author = {Adams, Robert A.},
  year = {2013},
  publisher = {Pearson}
}

@book{adams2013several,
  title = {Calculus of Several Variables},
  author = {Adams, Robert A.},
  year = {2013},
  publisher = {Pearson}
}

@book{hurley2006intermediate,
  title = {Intermediate Calculus, Multivariable Functions and Differential Equations with Applications},
  author = {Hurley, James},
  year = {2006},
  publisher = {Thomson Brooks/Cole}
}

@book{borrelli2016differential,
  title = {Differential Equations: A Modeling Perspective},
  author = {Borrelli, Robert},
  year = {2016},
  publisher = {Wiley}
}

@book{ricardo2001modern,
  title = {A Modern Introduction to Differential Equations},
  author = {Ricardo, Henry J.},
  year = {2001},
  publisher = {Elsevier}
}

@book{mcmullen2015essential,
  title = {Differential Equations, Essential Skills},
  author = {McMullen, Frank},
  year = {2015},
  publisher = {Pearson}
}

@book{krasnov2013problems,
  title = {A Book of Problems in Ordinary Differential Equations},
  author = {Krasnov, M.L.},
  year = {2013},
  publisher = {Dover Publications}
}

@book{maccamy1999linear,
  title = {Linear Analysis and Differential Equations},
  author = {MacCamy, Robert},
  year = {1999},
  publisher = {Springer}
}

@book{brown2009complex,
  title = {Complex Variables and Applications},
  author = {Brown, James W. and Churchill, Ruel V.},
  year = {2009},
  publisher = {McGraw-Hill Education}
}

@book{schaum2009complex,
  title = {Complex Variables with an Introduction to Conformal Mapping and Its Applications},
  author = {Schaum},
  year = {2009},
  publisher = {McGraw-Hill Education}
}

@book{graham1994concrete,
  title = {Concrete Mathematics: A Foundation for Computer Science},
  author = {Graham, Ronald L. and Knuth, Donald E. and Patashnik, Oren},
  year = {1994},
  publisher = {Addison-Wesley}
}

@book{epp2019discrete,
  title = {Discrete Mathematics with Applications},
  author = {Epp, Susanna S.},
  year = {2019},
  publisher = {Cengage Learning}
}

@book{moore2016statistics,
  title = {Introduction to the Practice of Statistics},
  author = {Moore, David S.},
  year = {2016},
  publisher = {W.H. Freeman}
}

@book{wasserman2010all,
  title = {All of Statistics: A Concise Course in Statistical Inference},
  author = {Wasserman, Larry},
  year = {2010},
  publisher = {Springer}
}

@book{mcmullen2015calculus,
  title = {Calculus with Multiple Variables},
  author = {McMullen, Frank},
  year = {2015},
  publisher = {Pearson}
}

@book{mcmullen2015challenging,
  title = {50 Challenging Calculus Problems},
  author = {McMullen, Frank},
  year = {2015},
  publisher = {Pearson}
}

@book{franklin2003proof,
  title = {Proof in Mathematics: An Introduction},
  author = {Franklin, Andrew and Doode, Keith},
  year = {2003},
  publisher = {Oxford University Press}
}

@book{velleman2006prove,
  title = {How to Prove It: A Structured Approach},
  author = {Velleman, Daniel J.},
  year = {2006},
  publisher = {Cambridge University Press}
}

@book{japan2021genki,
  title = {Genki I, 3rd Edition},
  author = {Japan Times},
  year = {2021},
  publisher = {The Japan Times}
}

@book{nhk2021genki,
  title = {Genki I Workbook},
  author = {NHK},
  year = {2021},
  publisher = {The Japan Times}
}

@book{conning2013kanji,
  title = {Kodansha Kanji Learnerâ€™s Course},
  author = {Conning, Andrew Scott},
  year = {2013},
  publisher = {Kodansha}
}

@book{oxford2011japanese,
  title = {Oxford Beginner's Japanese Dictionary},
  author = {Oxford},
  year = {2011},
  publisher = {Oxford University Press}
}

@book{makino1989dictionary,
  title = {A Dictionary of Basic Japanese Grammar},
  author = {Makino, Seiichi and Tsutsui, Michio},
  year = {1989},
  publisher = {Japan Times}
}

@book{ono2013japanese,
  title = {Japanese Grammar},
  author = {Ono, Harold},
  year = {2013},
  publisher = {Kodansha}
}

@book{reekie2009first,
  title = {A First Course in Japanese},
  author = {Reekie, Fudeko},
  year = {2009},
  publisher = {Pearson}
}

@book{reekie2009workbook,
  title = {A First Course in Japanese Workbook},
  author = {Reekie, Fudeko},
  year = {2009},
  publisher = {Pearson}
}

@book{ashby2002real,
  title = {Read Real Japanese},
  author = {Ashby, Janet},
  year = {2002},
  publisher = {Kodansha}
}

@book{pape2016barefoot,
  title = {The Barefoot Investor},
  author = {Pape, Scott},
  year = {2016},
  publisher = {Wiley}
}

@book{covey2004habits,
  title = {The 7 Habits of Highly Effective People},
  author = {Covey, Stephen R.},
  year = {2004},
  publisher = {Free Press}
}

@book{lynch1989wall,
  title = {One Up On Wall Street},
  author = {Lynch, Peter},
  year = {1989},
  publisher = {Simon \& Schuster}
}

@book{peterson2018rules,
  title = {12 Rules for Life: An Antidote to Chaos},
  author = {Peterson, Jordan B.},
  year = {2018},
  publisher = {Random House Canada}
}

@book{newport2016deep,
  title = {Deep Work: Rules for Focused Success in a Distracted World},
  author = {Newport, Cal},
  year = {2016},
  publisher = {Grand Central Publishing}
}

@book{marx1848communist,
  title = {The Communist Manifesto},
  author = {Marx, Karl and Engels, Friedrich},
  year = {1848},
  publisher = {Penguin Classics}
}

@book{hawking1988brief,
  title = {A Brief History of Time},
  author = {Hawking, Stephen},
  year = {1988},
  publisher = {Bantam Books}
}

@book{hawking2013history,
  title = {My Brief History},
  author = {Hawking, Stephen},
  year = {2013},
  publisher = {Bantam Books}
}

@book{hodges1983turing,
  title = {Alan Turing: The Enigma},
  author = {Hodges, Andrew},
  year = {1983},
  publisher = {Simon \& Schuster}
}

@book{shreeve1995neandertal,
  title = {The Neandertal Enigma},
  author = {Shreeve, James},
  year = {1995},
  publisher = {Avon Books}
}

@book{angus2017human,
  title = {Pocket Guide: Human Body},
  author = {Angus, George},
  year = {2017},
  publisher = {DK Publishing}
}

@book{rovelli2016seven,
  title = {Seven Brief Lessons on Physics},
  author = {Rovelli, Carlo},
  year = {2016},
  publisher = {Penguin Books}
}

@book{lockwood1961curves,
  title = {A Book of Curves},
  author = {Lockwood, E. H.},
  year = {1961},
  publisher = {Cambridge University Press}
}

@book{weinberger1950partial,
  title = {A First Course in Partial Differential Equations},
  author = {Weinberger, Hans F.},
  year = {1950},
  publisher = {Blaisdell}
}


@book{rameswar2010diophantine,
  title = {Diophantine Equations},
  author = {Rameswar, K.},
  year = {2010},
  publisher = {Springer}
}

@book{kreyzig1999geometry,
  title = {Differential Geometry},
  author = {Kreyzig, Erwin},
  year = {1999},
  publisher = {John Wiley \& Sons}
}

@book{wildberger2005divine,
  title = {Divine Proportions},
  author = {Wildberger, Norman},
  year = {2005},
 publisher = {Wild Egg}
}

@book{phillips1977functions,
  title = {Functions of a Complex Variable},
  author = {Phillips, Edward G.},
  year = {1977},
  publisher = {George Allen \& Unwin}
}

@book{bellman1970matrix,
  title = {Introduction to Matrix Calculus},
  author = {Bellman, Richard},
  year = {1970},
  publisher = {McGraw-Hill}
}

@book{reich1974gauss,
  title = {Carl Friedrich Gauss},
  author = {Reich, Karin},
  year = {1974},
  publisher = {Springer}
}

@book{caplan1995advanced,
  title = {Advanced Calculus},
  author = {Caplan, Robert L.},
  year = {1995},
  publisher = {Pearson}
}

@book{courant1996differential,
  title = {Differential and Integral Calculus},
  author = {Courant, Richard},
  year = {1996},
  publisher = {Springer}
}

@book{courant1941mathematics,
  title = {What is Mathematics?},
  author = {Courant, Richard and Robbins, Herbert},
  year = {1941},
  publisher = {Oxford University Press}
}

@book{tao2006solving,
  title = {Solving Mathematical Problems: A Personal Perspective},
  author = {Tao, Terence},
  year = {2006},
  publisher = {Oxford University Press}
}

@book{frenkel2013love,
  title = {Love and Math: The Heart of Hidden Reality},
  author = {Frenkel, Edward},
  year = {2013},
  publisher = {Basic Books}
}

@book{lafore2002data,
  title = {Data Structures and Algorithms in Java},
  author = {Lafore, Robert},
  year = {2002},
  publisher = {Sams Publishing}
}

@book{snider2015fundamentals,
  title = {Fundamentals of Differential Equations},
  author = {Snider, Garrett and Nagle, R. Kent and Saff, Edward B.},
  year = {2015},
  publisher = {Pearson}
}

@book{baccarini2009ultimate,
  title = {Essential Ultimate},
  author = {Baccarini, Pasquale},
  year = {2009},
  publisher = {Ultimate Publishing}
}

@book{parinella2004ultimate,
  title = {Ultimate Techniques and Tactics},
  author = {Parinella, James and McCarthy, Eric},
  year = {2004},
  publisher = {Human Kinetics}
}

@book{shakespeare1996complete,
  title = {The Complete Works of Shakespeare},
  author = {Shakespeare, William},
  year = {1996},
  publisher = {Wordsworth Editions}
}

@book{walker2017why,
  title = {Why We Sleep: Unlocking the Power of Sleep and Dreams},
  author = {Walker, Matthew},
  year = {2017},
  publisher = {Scribner}
}

@book{harari2014sapiens,
  title = {Sapiens: A Brief History of Humankind},
  author = {Harari, Yuval Noah},
  year = {2014},
  publisher = {Harper}
}

@book{kahneman2011thinking,
  title = {Thinking, Fast and Slow},
  author = {Kahneman, Daniel},
  year = {2011},
  publisher = {Farrar, Straus and Giroux}
}

@book{tsu2020art,
  title = {The Art of War},
  author = {Sun Tsu},
  year = {2020},
  publisher = {Penguin Classics}
}

@book{durant1961philosophy,
  title = {The Story of Philosophy},
  author = {Durant, Will},
  year = {1961},
  publisher = {Simon \& Schuster}
}

@book{taleb2012antifragile,
  title = {Antifragile: Things That Gain from Disorder},
  author = {Taleb, Nassim Nicholas},
  year = {2012},
  publisher = {Random House}
}

@book{garcia2017ikigai,
  title = {Ikigai: The Japanese Secret to a Long and Happy Life},
  author = {Garcia, Hector and Miralles, Francesc},
  year = {2017},
  publisher = {Penguin Books}
}

@book{alighieri2000divine,
  title = {The Divine Comedy},
  author = {Alighieri, Dante},
  year = {2000},
  publisher = {Penguin Classics}
}

@book{bible2011niv,
  title = {The Holy Bible, New International Version},
  author = {Various},
  year = {2011},
  publisher = {Zondervan}
}

@book{plato2013dialogues,
  title = {Plato: The Dialogues},
  author = {Plato},
  year = {2013},
  publisher = {Encyclopaedia Britannica}
}

@book{lao2021tao,
  title = {Tao Te Ching},
  author = {Lao Tzu},
  year = {2021},
  publisher = {Penguin Classics}
}

@book{seneca1969letters,
  title = {Letters from a Stoic},
  author = {Seneca, Lucius Annaeus},
  year = {1969},
  publisher = {Penguin Classics}
}

@book{huxley2004doors,
  title = {The Doors of Perception and Heaven and Hell},
  author = {Huxley, Aldous},
  year = {2004},
  publisher = {Harper Perennial Modern Classics}
}

@book{sartre1956being,
  title = {Being and Nothingness: An Essay on Phenomenological Ontology},
  author = {Sartre, Jean-Paul},
  year = {1956},
  publisher = {Methuen}
}

@book{nietzsche2005zarathustra,
  title = {Thus Spoke Zarathustra},
  author = {Nietzsche, Friedrich},
  year = {2005},
  publisher = {Penguin Classics}
}

@book{cicero2004selected,
  title = {Selected Works},
  author = {Cicero, Marcus Tullius},
  year = {2004},
  publisher = {Penguin Classics}
}

@book{herodotus1998histories,
  title = {The Histories},
  author = {Herodotus},
  year = {1998},
  publisher = {Oxford University Press}
}

@book{sophocles1982theban,
  title = {The Three Theban Plays},
  author = {Sophocles},
  year = {1982},
  publisher = {Penguin Classics}
}


@book{gwynne2009world,
  title = {World Religions in Practice: A Comparative Introduction},
  author = {Gwynne, Paul},
  year = {2009},
  publisher = {Wiley-Blackwell}
}

@book{aurelius2006meditations,
  title = {Meditations},
  author = {Aurelius, Marcus},
  year = {2006},
  publisher = {Penguin Classics}
}

@book{adler1997aristotle,
  title = {Aristotle for Everybody: Difficult Thought Made Easy},
  author = {Adler, Mortimer J.},
  year = {1997},
  publisher = {Simon \& Schuster}
}

@book{cotterell1996mythology,
  title = {The Ultimate Encyclopedia of Mythology},
  author = {Cotterell, Arthur and Storm, Rachel},
  year = {1996},
  publisher = {Hermes House}
}

@book{mckenna1992food,
  title = {Food of the Gods: The Search for the Original Tree of Knowledge},
  author = {McKenna, Terence},
  year = {1992},
  publisher = {Bantam Books}
}

@book{trott2018drug,
  title = {The Drug Users Bible: Harm Reduction, Risk Mitigation, Personal Safety},
  author = {Trott, Dominic Milton},
  year = {2018},
  publisher = {Independent Publisher}
}

@book{hooper2003makers,
  title = {Makers of Mathematics},
  author = {Hooper, Stuart},
  year = {2003},
  publisher = {Penguin Books}
}

@book{holden2017secrets,
  title = {The Mathematics of Secrets: Cryptography from Caesar Ciphers to Digital Encryption},
  author = {Holden, Joshua},
  year = {2017},
  publisher = {Princeton University Press}
}

@book{engqvist2016chess,
  title = {300 Most Important Chess Exercises},
  author = {Engqvist, Thomas},
  year = {2016},
  publisher = {Everyman Chess}
}

@book{silman1999strategy,
  title = {The Complete Book of Chess Strategy},
  author = {Silman, Jeremy},
  year = {1999},
  publisher = {Siles Press}
}

@book{golding1954lord,
  title = {Lord of the Flies},
  author = {Golding, William},
  year = {1954},
  publisher = {Faber and Faber}
}

@book{zamyatin1924we,
  title = {We},
  author = {Zamyatin, Yevgeny},
  year = {1924},
  publisher = {E. P. Dutton}
}

@book{orwell1945animal,
  title = {Animal Farm: A Fairy Story},
  author = {Orwell, George},
  year = {1945},
  publisher = {Secker \& Warburg}
}

@book{cervantes2003don,
  title = {Don Quixote},
  author = {Cervantes, Miguel de},
  year = {2003},
  publisher = {Penguin Classics}
}

@book{tolstoy1863cossacks,
  title = {The Cossacks},
  author = {Tolstoy, Leo},
  year = {1863},
  publisher = {Oxford University Press}
}

@book{dumas1844montecristo,
  title = {The Count of Monte Cristo},
  author = {Dumas, Alexandre},
  year = {1844},
  publisher = {Penguin Classics}
}

@book{dostoevsky1866crime,
  title = {Crime and Punishment},
  author = {Dostoevsky, Fyodor},
  year = {1866},
  publisher = {Penguin Classics}
}

@book{tolstoy1869war,
  title = {War and Peace},
  author = {Tolstoy, Leo},
  year = {1869},
  publisher = {Penguin Classics}
}

@book{bradbury2003stories,
  title = {Bradbury Stories: 100 of His Most Celebrated Tales},
  author = {Bradbury, Ray},
  year = {2003},
  publisher = {William Morrow}
}

@book{austen1813pride,
  title = {Pride and Prejudice},
  author = {Austen, Jane},
  year = {1813},
  publisher = {Penguin Classics}
}

@book{chandler1939bigsleep,
  title = {The Big Sleep},
  author = {Chandler, Raymond},
  year = {1939},
  publisher = {Knopf Doubleday Publishing Group}
}

@book{homer1952iliad,
  title = {The Iliad of Homer and the Odyssey},
  author = {Homer},
  year = {1952},
  publisher = {Encyclopaedia Britannica}
}

@book{wordsworth2004poems,
  title = {Selected Poems of Wordsworth},
  author = {Wordsworth, William},
  year = {2004},
  publisher = {Penguin Classics}
}

@book{dobson2002collected,
  title = {Collected Poems of Dobson},
  author = {Dobson, Austin},
  year = {2002},
  publisher = {Oxford University Press}
}

@book{owens2004war,
  title = {War Poems and Others},
  author = {Owens, Wilfred},
  year = {2004},
  publisher = {Penguin Classics}
}

@book{plath1965ariel,
  title = {Ariel},
  author = {Plath, Sylvia},
  year = {1965},
  publisher = {Harper \& Row}
}

@book{eliot1974selected,
  title = {Selected Poems},
  author = {Eliot, T. S.},
  year = {1974},
  publisher = {Faber and Faber}
}

@book{orwell1949nineteen,
  title = {1984},
  author = {Orwell, George},
  year = {1949},
  publisher = {Secker \& Warburg}
}

@book{chaucer2003canterbury,
  title = {The Canterbury Tales},
  author = {Chaucer, Geoffrey},
  year = {2003},
  publisher = {Penguin Classics}
}

@book{fitzgerald1925gatsby,
  title = {The Great Gatsby},
  author = {Fitzgerald, F. Scott},
  year = {1925},
  publisher = {Charles Scribner's Sons}
}

@book{salinger1951catcher,
  title = {The Catcher in the Rye},
  author = {Salinger, J. D.},
  year = {1951},
  publisher = {Little, Brown and Company}
}

@book{austen1815emma,
  title = {Emma},
  author = {Austen, Jane},
  year = {1815},
  publisher = {Penguin Classics}
}

@book{bronte1847wuthering,
  title = {Wuthering Heights},
  author = {Bronte, Emily},
  year = {1847},
  publisher = {Penguin Classics}
}

@book{zusak2005thief,
  title = {The Book Thief},
  author = {Zusak, Markus},
  year = {2005},
  publisher = {Picador}
}

@book{melville1851moby,
  title = {Moby Dick},
  author = {Melville, Herman},
  year = {1851},
  publisher = {Harper \& Brothers}
}

@book{montgomery1908anne,
  title = {Anne of Green Gables},
  author = {Montgomery, Lucy Maud},
  year = {1908},
  publisher = {L. C. Page \& Co.}
}

@book{twain1885huckleberry,
  title = {The Adventures of Huckleberry Finn},
  author = {Twain, Mark},
  year = {1885},
  publisher = {Charles L. Webster and Company}
}



@book{swift1726gulliver,
  title = {Gulliver's Travels},
  author = {Swift, Jonathan},
  year = {1726},
  publisher = {Benjamin Motte}
}

@book{stevenson1883treasure,
  title = {Treasure Island},
  author = {Stevenson, Robert Louis},
  year = {1883},
  publisher = {Cassell and Company}
}

@book{morris2018tattoo,
  title = {The Tattooist of Auschwitz},
  author = {Morris, Heather},
  year = {2018},
  publisher = {Zaffre}
}

@book{adams1979hitchhiker,
  title = {The Hitchhiker's Guide to the Galaxy},
  author = {Adams, Douglas},
  year = {1979},
  publisher = {Pan Books}
}

@book{brown2003davinci,
  title = {The Da Vinci Code},
  author = {Brown, Dan},
  year = {2003},
  publisher = {Doubleday}
}

@book{burnett1911secret,
  title = {The Secret Garden},
  author = {Burnett, Frances Hodgson},
  year = {1911},
  publisher = {Frederick A. Stokes}
}

@book{herge1929tintin,
  title = {The Adventures of Tintin},
  author = {HergÃ©},
  year = {1929},
  publisher = {Casterman}
}

@book{moore1982vendetta,
  title = {V for Vendetta},
  author = {Moore, Alan and Lloyd, David},
  year = {1982},
  publisher = {DC Comics}
}

@book{carroll1865alice,
  title = {Alice's Adventures in Wonderland},
  author = {Carroll, Lewis},
  year = {1865},
  publisher = {Macmillan}
}
